% Encoding: UTF-8
@Electronic{Crane2017,
  author       = {Tom Crane},
  month        = dec,
  year         = {2017},
  title        = {Looking up and looking down: IIIF Resources, Intellectual Objects, and Units of Distribution},
  organization = {Digirati},
  url          = {https://resources.digirati.com/iiif/an-introduction-to-iiif/looking-up-and-down.html},
}
